@online{bithacks,
    title={Bit Twiddling Hacks},
    author={Sean Eron Anderson},
    url={https://graphics.stanford.edu/~seander/bithacks.html},
    urldate={2014-07-10}
}

@inbook{linuxffs,
    title = {FFS(3)},
    booktitle={Linux Programmer's Manual},
    date = {2014-04-14},
    url = {http://man7.org/linux/man-pages/man3/ffs.3.html}
}

@book{intelffs,
    title = {Intel 64 and IA-32 Architectures Software Developer Manual},
    volume = {2A},
    publisher = {Intel},
    pages = {3:92--3:97},
    url = {http://www.intel.com/content/www/us/en/processors/architectures-software-developer-manuals.html}
}

@book{declarative,
  title={Computer Science Illuminated},
  author={Dale, N.B. and Lewis, J.},
  isbn={9781449665739},
  lccn={2011045763},
  url={http://books.google.se/books?id=3ls6K2cJW\_0C},
  year={2012},
  publisher={Jones \& Bartlett Learning}
}

@online{gecode,
  title = {Gecode: generic constraint development environment},
  year = 2014,
  url = {http://www.gecode.org/},
  urldate = {2014-04-02}
}

@book{crypto,
  title={Cryptography: Theory and Practice, Third Edition},
  author={Stinson, D.R.},
  isbn={9781584885085},
  lccn={2006272493},
  series={Discrete Mathematics and Its Applications},
  year={2005},
  publisher={Taylor \& Francis}
}

@book{x86,
    title={X86 Assembly Language and C Fundamentals},
    author={Cavanagh, J.},
    isbn={9781466568242},
    lccn={2012036001},
    year={2013},
    publisher={Taylor \& Francis}
}

@article {shannon,
author = {Shannon, C. E.},
title = {Communication Theory of Secrecy Systems},
journal = {Bell System Technical Journal},
volume = {28},
number = {4},
publisher = {Blackwell Publishing Ltd},
issn = {1538-7305},
url = {http://dx.doi.org/10.1002/j.1538-7305.1949.tb00928.x},
doi = {10.1002/j.1538-7305.1949.tb00928.x},
pages = {656--715},
year = {1949},
}

@book{nyhoff2012programming,
  title={Programming in C++ for Engineering and Science},
  author={Nyhoff, L.},
  isbn={9781439825341},
  lccn={2012010215},
  url={http://books.google.se/books?id=f\_pbQxCQQi0C},
  year={2012},
  publisher={Taylor \& Francis}
}

@book{word,
  title={Computer Engineering: Circuits, Programs, and Data},
  author={Silvester, P.P. and Lowther, D.A.},
  isbn={9780195059434},
  lccn={lc88031783},
  year={1989},
  publisher={Oxford University Press}
}


@Book{handbook,
  editor={Rossi, Francesca and van Beek, Peter and Walsh, Toby},
  title={Handbook of Constraint Programming},
  publisher={Elsevier},
  year={2006}
}

@article{modelling,
    title={Modelling for Constraint Programming},
    author={Smith, Barbara M.},
    year={2005},
}

@article{lecturenotes,
    title={Course Notes Constraint Programming (ID2204)},
    author={Schulte, Christian},
    year={2012}
}

@incollection{views,
year={2006},
isbn={978-3-540-34215-1},
booktitle={Recent Advances in Constraints},
volume={3978},
series={Lecture Notes in Computer Science},
editor={Hnich, Brahim and Carlsson, Mats and Fages, François and Rossi, Francesca},
doi={10.1007/11754602_9},
title={Views and Iterators for Generic Constraint Implementations},
url={http://dx.doi.org/10.1007/11754602_9},
publisher={Springer Berlin Heidelberg},
author={Schulte, Christian and Tack, Guido},
pages={118-132}
}

@Book{dechter,
  author={Rina Dechter},
  title={Constraint Processing},
  publisher={Morgan Kaufmann},
  series={The Morgan Kaufmann Series in Artificial Intelligence},
  isbn={9780080502953},
  year={2003},
  address={San Francisco}
}

@incollection{bitvectors,
    title={Constraint Satisfaction over Bit-Vectors},
    year={2012},
    isbn={978-3-642-33557-0},
    booktitle={Principles and Practice of Constraint Programming -- CP 2012},
    series={Lecture Notes in Computer Science},
    editor={Milano, Michela},
    doi={10.1007/978-3-642-33558-7_39},
    url={http://dx.doi.org/10.1007/978-3-642-33558-7_39},
    publisher={Springer Berlin Heidelberg},
    author={Michel, Laurent D. and Hentenryck, Pascal},
    pages={527-543}
}


@incollection{sboxes,
    year={2011},
    isbn={978-3-642-23785-0},
    booktitle={Principles and Practice of Constraint Programming -- CP 2011},
    volume={6876},
    series={Lecture Notes in Computer Science},
    editor={Lee, Jimmy},
    doi={10.1007/978-3-642-23786-7_7},
    title={The Design of Cryptographic S-Boxes Using CSPs},
    url={http://dx.doi.org/10.1007/978-3-642-23786-7_7},
    publisher={Springer Berlin Heidelberg},
    keywords={CSP Model; S-Boxes; DES; 3DES; Nonlinearity; Linear Cryptanalysis; Differential Cryptanalysis},
    author={Ramamoorthy, Venkatesh and Silaghi, MariusC. and Matsui, Toshihiro and Hirayama, Katsutoshi and Yokoo, Makoto},
    pages={54-68}
}

@InCollection{sboxsymmetry,
    author={Ramamoorthy, Venkatesh and Silaghi, MariusC. and Matsui, Toshihiro and Hirayama, Katsutoshi and Yokoo, Makoto},
    booktitle={The 11th International Workshop on Symmetry in Constraint Satisfaction Problems},
    url={http://www.cse.unsw.edu.au/~ninan/symcon2011.html},
    year={2011},
    title={Symmetries of Nonlinearity Constraints}
}


@InCollection{MPG:M,
   Author =    "Christian Schulte and Guido Tack and Mikael Z. Lagerkvist",
   Title =     "Modeling",
   Editor =    "Christian Schulte and Guido Tack and Mikael Z. Lagerkvist",
   Booktitle = "Modeling and Programming with Gecode",
   Year =      2013,
   Note =      "Corresponds to Gecode 4.2.1",
}
@InCollection{MPG:C,
   Author =    "Christian Schulte and Guido Tack and Mikael Z. Lagerkvist",
   Title =     "Case studies",
   Editor =    "Christian Schulte and Guido Tack and Mikael Z. Lagerkvist",
   Booktitle = "Modeling and Programming with Gecode",
   Year =      2013,
   Note =      "Corresponds to Gecode 4.2.1",
}
@InCollection{MPG:P,
   Author =    "Christian Schulte and Guido Tack",
   Title =     "Programming propagators",
   Editor =    "Christian Schulte and Guido Tack and Mikael Z. Lagerkvist",
   Booktitle = "Modeling and Programming with Gecode",
   Year =      2013,
   Note =      "Corresponds to Gecode 4.2.1",
}
@InCollection{MPG:B,
   Author =    "Christian Schulte",
   Title =     "Programming branchers",
   Editor =    "Christian Schulte and Guido Tack and Mikael Z. Lagerkvist",
   Booktitle = "Modeling and Programming with Gecode",
   Year =      2013,
   Note =      "Corresponds to Gecode 4.2.1",
}
@InCollection{MPG:V,
   Author =    "Christian Schulte",
   Title =     "Programming variables",
   Editor =    "Christian Schulte and Guido Tack and Mikael Z. Lagerkvist",
   Booktitle = "Modeling and Programming with Gecode",
   Year =      2013,
   Note =      "Corresponds to Gecode 4.2.1",
}
@InCollection{MPG:S,
   Author =    "Christian Schulte",
   Title =     "Programming search engines",
   Editor =    "Christian Schulte and Guido Tack and Mikael Z. Lagerkvist",
   Booktitle = "Modeling and Programming with Gecode",
   Year =      2013,
   Note =      "Corresponds to Gecode 4.2.1",
}
@incollection{biham,
    year={1991},
    isbn={978-3-540-54508-8},
    booktitle={Advances in Cryptology-CRYPT0’ 90},
    volume={537},
    series={Lecture Notes in Computer Science},
    editor={Menezes, AlfredJ. and Vanstone, Scott A.},
    doi={10.1007/3-540-38424-3_1},
    title={Differential Cryptanalysis of DES-like Cryptosystems},
    url={http://dx.doi.org/10.1007/3-540-38424-3_1},
    publisher={Springer Berlin Heidelberg},
    author={Biham, Eli and Shamir, Adi},
    pages={2-21},
    language={English}
}
@incollection{matsui,
    year={1994},
    isbn={978-3-540-57600-6},
    booktitle={Advances in Cryptology — EUROCRYPT ’93},
    volume={765},
    series={Lecture Notes in Computer Science},
    editor={Helleseth, Tor},
    doi={10.1007/3-540-48285-7_33},
    title={Linear Cryptanalysis Method for DES Cipher},
    url={http://dx.doi.org/10.1007/3-540-48285-7_33},
    publisher={Springer Berlin Heidelberg},
    author={Matsui, Mitsuru},
    pages={386-397},
    language={English}
}

@ARTICLE{coppersmith,
    author={Coppersmith, D.},
    journal={IBM Journal of Research and Development},
    title={The Data Encryption Standard (DES) and its strength against attacks},
    year={1994},
    month={May},
    volume={38},
    number={3},
    pages={243-250},
    doi={10.1147/rd.383.0243},
    ISSN={0018-8646},
}

