@Book{constraintshandbook,
  editor = 	 {Rossi, Francesca and van Beek, Peter and Walsh, Toby},
  title = 	 {Handbook of Constraint Programming},
  publisher = 	 {Elsevier},
  year = 	 {2006}
}

@incollection{bitvectors,
year={2012},
booktitle={Principles and Practice of Constraint Programming – CP 2012},
series={LNCS},
editor={Milano, Michela},
title={Constraint Satisfaction over Bit-Vectors},
publisher={Springer},
author={Michel, Laurent D. and Van Hentenryck, Pascal},
volume={7514},
pages={527-543}
} 

@incollection{sboxes,
year={2011},
booktitle={Principles and Practice of Constraint Programming – CP 2011},
volume={6876},
series={LNCS},
editor={Lee, Jimmy},
title={The Design of Cryptographic S-Boxes Using {CSPs}},
publisher={Springer},
author={Ramamoorthy, Venkatesh and Silaghi, MariusC. and Matsui, Toshihiro and Hirayama, Katsutoshi and Yokoo, Makoto},
pages={54-68}
} 
